@book {mipspriv,
	author = {MIPS TECHNOLOGIES},
	title = {MIPS32\circledR Architecture For Programmers -- Volume III: The
		MIPS32\circledR Privileged Resource Architecture}
}

@book{patterson2008computer,
	title={Computer organization and design: the hardware/software interface},
	author={Patterson, David A and Hennessy, John L},
	year={2008},
	publisher={Morgan Kaufmann}
}

@book{bryant2008computer,
	title={Computer Systems: A Programmer's Perspective},
	author={Bryant, Randal E and O'Hallaron, David R},
	year={2008},
	publisher={Prentice-Hall}
}
